<?xml version="1.0" encoding="UTF-8"?><collection xmlns="http://www.loc.gov/MARC21/slim"><record><leader>00311nam--2200121-i-4500</leader><controlfield tag="001">000005755</controlfield><controlfield tag="002">20161230</controlfield><controlfield tag="005">20161230201026</controlfield><controlfield tag="008">060222s1000------------r-----000-0-eng-d</controlfield><datafield ind1=" " ind2=" " tag="100"><subfield code="a">Bernstein, J.L</subfield></datafield><datafield ind1=" " ind2=" " tag="245"><subfield code="a">Video tape recording</subfield></datafield><datafield ind1=" " ind2=" " tag="260"><subfield code="a">New York, John F.Rider Publisher, Inc., 1960 Xi + 268 P</subfield></datafield><datafield ind1=" " ind2=" " tag="852"><subfield code="a">17052</subfield></datafield></record></collection>